@book{knuth,
  author       = {Knuth, Donald E.},
  title        = {The {\TeX} book},
  date         = 1984,
  maintitle    = {Computers \& Typesetting},
  volume       = {A},
  publisher    = {Addison-Wesley},
  location     = {Reading, Mass.},
  langid       = {english},
  langidopts   = {variant=american},
  sortyear     = {1984-1},
  sorttitle    = {Computers & Typesetting A},
  indexsorttitle= {The TeXbook},
  indextitle   = {\protect\TeX book, The},
  shorttitle   = {\TeX book}
}

@article{BS15,
    author = {A. Bernstein and C. Stein.},
    title = {Fully dynamic matching in bipartite graphs.},
    journal = {Automata, Languages, and Programming - 42nd International Colloquium, ICALP 2015, Kyoto, Japan, July 6-10, 2015, Proceedings, Part I},
    % volume = {354},
    % number = {7},
    doi = {10.48550/arXiv.1506.07076},
    pages = {167--179},
    year = {2015}
}